<record xmlns="http://www.loc.gov/MARC21/slim" xmlns:xsi="http://www.w3.org/2001/XMLSchema-instance" xsi:schemaLocation="http://www.loc.gov/MARC21/slim http://www.loc.gov/standards/marcxml/schema/MARC21slim.xsd"><leader>     nam a22        4500</leader><controlfield tag="001">3072005</controlfield><controlfield tag="003">NNC</controlfield><controlfield tag="006">m        d        </controlfield><controlfield tag="007">cr cn |||m|||a</controlfield><controlfield tag="008">150313s1937    ua      ob    000 0bara d</controlfield><datafield ind1=" " ind2=" " tag="040"><subfield code="a">NNU</subfield><subfield code="b">eng</subfield><subfield code="c">NNU</subfield></datafield><datafield ind1=" " ind2="4" tag="050"><subfield code="a">DS38.4</subfield><subfield code="b">.M32 1937</subfield></datafield><datafield ind1="1" ind2=" " tag="100"><subfield code="6">880-01</subfield><subfield code="a">Rid&#803;a&#772;, Muh&#803;ammad.</subfield></datafield><datafield ind1="1" ind2="0" tag="245"><subfield code="6">880-02</subfield><subfield code="a">&#699;Uthma&#772;n ibn &#699;Affa&#772;n</subfield><subfield code="h">[electronic resource] :</subfield><subfield code="b">dhu&#772; al-nu&#772;rayn, tha&#772;lith al-Khulafa&#772;&#700; al-Ra&#772;shidi&#772;n /</subfield><subfield code="c">ta&#700;li&#772;f Muh&#803;ammad Rid&#803;a&#772;.</subfield></datafield><datafield ind1=" " ind2=" " tag="250"><subfield code="6">880-03</subfield><subfield code="a">al-T&#803;ab&#699;ah 1.</subfield></datafield><datafield ind1=" " ind2=" " tag="260"><subfield code="6">880-04</subfield><subfield code="a">[Cairo] :</subfield><subfield code="b">&#699;I&#772;sa&#772; al-Ba&#772;bi&#772; al-H&#803;alabi&#772;</subfield><subfield code="c">[1937]</subfield></datafield><datafield ind1=" " ind2=" " tag="300"><subfield code="a">online resource (223 p.)</subfield></datafield><datafield ind1=" " ind2=" " tag="500"><subfield code="a">Includes Errat page.</subfield></datafield><datafield ind1=" " ind2=" " tag="500"><subfield code="a">Part of the Arabic Collections Online (ACO) project, contributed by Columbia University Libraries.</subfield></datafield><datafield ind1=" " ind2=" " tag="504"><subfield code="a">Includes bibliographical references and index.</subfield></datafield><datafield ind1=" " ind2=" " tag="533"><subfield code="a">Electronic reproduction.</subfield><subfield code="b">New York, N.Y. :</subfield><subfield code="c">New York University,</subfield><subfield code="d">2015.</subfield><subfield code="5">NNU</subfield></datafield><datafield ind1="0" ind2="0" tag="600"><subfield code="a">&#699;Uthma&#772;n ibn &#699;Affa&#772;n,</subfield><subfield code="c">Caliph,</subfield><subfield code="d">-656.</subfield></datafield><datafield ind1=" " ind2="0" tag="651"><subfield code="a">Islamic Empire</subfield><subfield code="x">Kings and rulers.</subfield></datafield><datafield ind1=" " ind2="0" tag="650"><subfield code="a">Caliphs</subfield><subfield code="x">Biography.</subfield></datafield><datafield ind1="0" ind2="7" tag="600"><subfield code="a">&#699;Uthma&#772;n ibn &#699;Affa&#772;n,</subfield><subfield code="c">Caliph,</subfield><subfield code="d">-656.</subfield><subfield code="2">fast</subfield><subfield code="0">(OCoLC)fst01855282</subfield></datafield><datafield ind1=" " ind2="7" tag="650"><subfield code="a">Caliphs.</subfield><subfield code="2">fast</subfield><subfield code="0">(OCoLC)fst00844318</subfield></datafield><datafield ind1=" " ind2="7" tag="650"><subfield code="a">Kings and rulers.</subfield><subfield code="2">fast</subfield><subfield code="0">(OCoLC)fst00987694</subfield></datafield><datafield ind1=" " ind2="7" tag="651"><subfield code="a">Islamic Empire.</subfield><subfield code="2">fast</subfield><subfield code="0">(OCoLC)fst01244134</subfield></datafield><datafield ind1=" " ind2="7" tag="655"><subfield code="a">Biography.</subfield><subfield code="2">fast</subfield><subfield code="0">(OCoLC)fst01423686</subfield></datafield><datafield ind1="2" ind2=" " tag="710"><subfield code="a">Columbia University.</subfield><subfield code="b">Libraries.</subfield></datafield><datafield ind1="0" ind2=" " tag="730"><subfield code="a">Arabic Collections Online.</subfield></datafield><datafield ind1="0" ind2="8" tag="776"><subfield code="i">Print version:</subfield><subfield code="a">Rid&#803;a&#772;, Muh&#803;ammad.</subfield><subfield code="t">&#699;Uthma&#772;n ibn &#699;Affa&#772;n</subfield><subfield code="w">(NNC)3072005</subfield><subfield code="w">(OCoLC)71011006</subfield></datafield><datafield ind1="4" ind2="0" tag="856"><subfield code="u">http://hdl.handle.net/2333.1/5dv41r4t</subfield></datafield><datafield ind1="1" ind2=" " tag="880"><subfield code="6">100-01/r</subfield><subfield code="a">&#1585;&#1590;&#1575;&#1548; &#1605;&#1581;&#1605;&#1583;.</subfield></datafield><datafield ind1="1" ind2="0" tag="880"><subfield code="6">245-02/r</subfield><subfield code="a">&#1593;&#1579;&#1605;&#1575;&#1606; &#1576;&#1606; &#1593;&#1601;&#1575;&#1606; :</subfield><subfield code="b">&#1584;&#1608; &#1575;&#1604;&#1606;&#1608;&#1585;&#1610;&#1606;&#1548; &#1579;&#1575;&#1604;&#1579; &#1575;&#1604;&#1582;&#1604;&#1601;&#1575;&#1569; &#1575;&#1604;&#1585;&#1575;&#1588;&#1583;&#1610;&#1606; /</subfield><subfield code="c">&#1578;&#1571;&#1604;&#1610;&#1601; &#1605;&#1581;&#1605;&#1583; &#1585;&#1590;&#1575;.</subfield></datafield><datafield ind1=" " ind2=" " tag="880"><subfield code="6">250-03/r</subfield><subfield code="a">&#1575;&#1604;&#1591;&#1576;&#1593;&#1577; 1.</subfield></datafield><datafield ind1=" " ind2=" " tag="880"><subfield code="6">260-04/r</subfield><subfield code="a">[&#1575;&#1604;&#1602;&#1575;&#1607;&#1585;&#1577;] :</subfield><subfield code="b">&#1593;&#1610;&#1587;&#1609; &#1575;&#1604;&#1576;&#1575;&#1576;&#1610; &#1575;&#1604;&#1581;&#1604;&#1576;&#1610;&#1548;</subfield><subfield code="c">[1937]</subfield></datafield><datafield ind1=" " ind2=" " tag="959"><subfield code="a">NNU</subfield><subfield code="b">WEB</subfield><subfield code="c">GENI</subfield><subfield code="t">0</subfield><subfield code="m">Electronic access</subfield><subfield code="s">01</subfield></datafield><datafield ind1=" " ind2=" " tag="999"><subfield code="i">NNC_3072005</subfield><subfield code="o">(OCoLC)ocm71011006 </subfield><subfield code="s">columbia_aco000577</subfield></datafield></record>